% ============================== BIT ALGORITHMS ============================== %
% Project:          The Experimental Bit Algorithms Library
% Name:             bit-algorithms.bib
% Description:      Scientific and technical paper on bit algorithms: references
% Creator:          Vincent Reverdy
% Contributor(s):   Vincent Reverdy [2019]
% License:          BSD 3-Clause License
% ============================================================================ %



% ============================== C++ PROPOSALS =============================== %
@techreport{sutter:1999,
    author          = {Sutter, Herb},
    title           = {vector$\langle$bool$\rangle$ Is Nonconforming, and Forces Optimization Choice},
    institution     = {ISO/IEC JTC1/SC22/WG21 - The C++ Standards Committee},
    number          = {N1185},
    year            = {1999},
    month           = {February},
}
% ---------------------------------------------------------------------------- %
@techreport{sutter:2005,
    author          = {Sutter, Herb},
    title           = {vector$\langle$bool$\rangle$: More Problems, Better Solutions},
    institution     = {ISO/IEC JTC1/SC22/WG21 - The C++ Standards Committee},
    number          = {N1847},
    year            = {2005},
    month           = {August},
}
% ---------------------------------------------------------------------------- %
@techreport{dawes:2007,
    author          = {Dawes, Beman},
    title           = {Library Issue 96: Fixing vector$\langle$bool$\rangle$},
    institution     = {ISO/IEC JTC1/SC22/WG21 - The C++ Standards Committee},
    number          = {N2160},
    year            = {2007},
    month           = {January},
}
% ---------------------------------------------------------------------------- %
@techreport{meredith:2007,
    author          = {Meredith, Alisdair},
    title           = {A Specification to deprecate vector$\langle$bool$\rangle$},
    institution     = {ISO/IEC JTC1/SC22/WG21 - The C++ Standards Committee},
    number          = {N2204},
    year            = {2007},
    month           = {March},
}
% ---------------------------------------------------------------------------- %
@techreport{reverdy:2016,
    author          = {Reverdy, Vincent},
    title           = {On the standardization of fundamental bit manipulation utilities},
    institution     = {ISO/IEC JTC1/SC22/WG21 - The C++ Standards Committee},
    number          = {P0237R0},
    year            = {2016},
    month           = {February},
}
% ---------------------------------------------------------------------------- %
@techreport{reverdy:2017,
    author          = {Reverdy, Vincent},
    title           = {Wording for fundamental bit manipulation utilities},
    institution     = {ISO/IEC JTC1/SC22/WG21 - The C++ Standards Committee},
    number          = {P0237R9},
    year            = {2017},
    month           = {October},
}
% ---------------------------------------------------------------------------- %
@techreport{macintosh:2017,
    author          = {MacIntosh, Neil},
    title           = {A byte type definition},
    institution     = {ISO/IEC JTC1/SC22/WG21 - The C++ Standards Committee},
    number          = {P0298R3},
    year            = {2017},
    month           = {March},
}
% ============================================================================ %
